% This file was created with JabRef 2.3.1.
% Encoding: Cp1252

@INPROCEEDINGS{Bosser06,
  author = {Anne-Gwenn Bosser},
  title = {A Framework to Help Designing Innovative Massively Multiplayer Online
	Games Interactions},
  booktitle = {Edutainment},
  year = {2006},
  bibsource = {DBLP, http://dblp.uni-trier.de},
  crossref = {DBLP:conf/edutainment/2006},
  ee = {http://dx.doi.org/10.1007/11736639_63}
}

@MISC{bosserImagina05,
  author = {Anne-Gwenn Bosser},
  title = {Massively Multiplayer Online Games: matching game design with technical
	design (extended version)},
  howpublished = {Communication to the Imagina 2005 Festival, Price of the Young Researcher
	in Games},
  month = {February},
  year = {2005},
  note = {Short version presented at the ACM Advances in Computer Entertainment
	technologies (ACE) 2004},
  owner = {gwenn},
  timestamp = {2010.09.08}
}

@PHDTHESIS{bosserthesis05,
  author = {Anne-Gwenn Bosser},
  title = {Distributed replications for the definition of interactions in massively
	multiplayer online games (in French)},
  school = {University of Paris 7 -- Denis Diderot},
  year = {2005},
  owner = {gwenn},
  timestamp = {2010.09.08}
}

@INPROCEEDINGS{Bosser04,
  author = {Anne-Gwenn Bosser},
  title = {Massively multi-player games: matching game design with technical
	design},
  booktitle = {Advances in Computer Entertainment Technology},
  year = {2004},
  bibsource = {DBLP, http://dblp.uni-trier.de},
  ee = {http://doi.acm.org/10.1145/1067343.1067378}
}

@INPROCEEDINGS{Bosser10,
  author = {Anne-Gwenn Bosser and Marc Cavazza and Ronan Champagnat},
  title = {Linear Logic for Non-Linear Storytelling},
  booktitle = {Proceedings of ECAI 2010 - 19th European Conference on Artificial
	Intelligence},
  year = {2010},
  ee = {http://dx.doi.org/10.3233/978-1-60750-606-5-713}
}

@INPROCEEDINGS{bosserDimea07,
  author = {Anne-Gwenn Bosser and Guillaume Levieux and Karim Sehaba and Axel
	Buendia and Vincent Corruble and Guillaume de Fondaumi{\`e}re},
  title = {Dialogs taking into account experience, emotions and personality
	(Invited Paper)},
  booktitle = {Proceedings of the Second International Conference on Digital Interactive
	Media in Entertainment and Arts, DIMEA 2007},
  year = {2007},
  publisher = {ACM},
  ee = {http://doi.acm.org/10.1145/1306813.1306823}
}

@INPROCEEDINGS{BosserIcec07,
  author = {Anne-Gwenn Bosser and Guillaume Levieux and Karim Sehaba and Axel
	Buendia and Vincent Corruble and Guillaume de Fondaumi{\`e}re and
	Viviane Gal and St{\'e}phane Natkin and Nicolas Sabouret},
  title = {Dialogs Taking into Account Experience, Emotions and Personality},
  booktitle = {Entertainment Computing - ICEC 2007, 6th International Conference},
  year = {2007},
  series = {Lecture Notes in Computer Science},
  pages = {356-362},
  publisher = {Springer},
  ee = {http://dx.doi.org/10.1007/978-3-540-74873-1_42}
}

@BOOK{bremond73,
  title = {Logique du R\'{e}cit},
  publisher = {Seuil},
  year = {1973},
  author = {Claude Br\'{e}mond},
  owner = {gwenn},
  timestamp = {2010.09.08}
}

@INPROCEEDINGS{Cavazza06,
  author = {Marc Cavazza and David Pizzi},
  title = {Narratology for Interactive Storytelling: A Critical Introduction},
  booktitle = {Proceedings of the Third International Conference on the Technologies
	for Interactive Digital Storytelling and Entertainment (TIDSE)},
  year = {2006},
  series = {Lecture Notes in Computer Science},
  publisher = {Springer},
  owner = {Anne-Gwenn},
  timestamp = {2010.02.21}
}

@INPROCEEDINGS{Young04,
  author = {Christian, David B. and Young, R. Michael},
  title = {Comparing cognitive and computational models of narrative structure},
  booktitle = {Proceedings of the 19th national conference on Artifical intelligence
	(AAAI)},
  year = {2004},
  publisher = {AAAI Press / The MIT Press},
  isbn = {0-262-51183-5},
  location = {San Jose, California}
}

@INPROCEEDINGS{Chrpa09,
  author = {Chrpa, Luk\'{a}\v{s} and Surynek, Pavel and Vysko\v{c}il, Ji\v{r}\'{\i}},
  title = {Encoding of Planning Problems and Their Optimizations in Linear Logic},
  booktitle = {Applications of Declarative Programming and Knowledge Management:
	17th International Conference (INAP 2007) and 21st Workshop on Logic
	Programming (WLP 2007), Revised Selected Papers},
  year = {2009},
  publisher = {Springer-Verlag},
  doi = {http://dx.doi.org/10.1007/978-3-642-00675-3_4},
  isbn = {978-3-642-00674-6}
}

@INPROCEEDINGS{ColleACE05,
  author = {Fr{\'e}d{\'e}ric Coll{\'e} and Ronan Champagnat and Armelle Prigent},
  title = {Scenario analysis based on linear logic},
  booktitle = {Advances in Computer Entertainment Technology (ACE)},
  year = {2005},
  ee = {http://doi.acm.org/10.1145/1178477.1178583}
}

@INPROCEEDINGS{dalrymple95,
  author = {Mary Dalrymple and John Lamping and Fernando Pereira},
  title = {Linear Logic for Meaning Assembly},
  booktitle = {Proceedings of Computational Logic for Natural Language Processing},
  year = {1995},
  owner = {gwenn},
  timestamp = {2010.09.22}
}

@ARTICLE{Dalrymple97,
  author = {Dalrymple, Mary and Lamping, John and Pereira, Fernando and Saraswat,
	Vijay},
  title = {Quantifiers, Anaphora, and Intensionality},
  journal = {Journal of Logic, Language and Information},
  year = {1997},
  volume = {6},
  pages = {219--273},
  address = {Hingham, MA, USA},
  doi = {http://dx.doi.org/10.1023/A:1008224124336},
  issn = {0925-8531},
  publisher = {Kluwer Academic Publishers}
}

@INPROCEEDINGS{Dalrymple93,
  author = {Dalrymple, Mary and Lamping, John and Saraswat, Vijay},
  title = {LFG semantics via constraints},
  booktitle = {Proceedings of the sixth conference on European chapter of the Association
	for Computational Linguistics},
  year = {1993},
  publisher = {Association for Computational Linguistics},
  doi = {http://dx.doi.org/10.3115/976744.976757},
  isbn = {90-5434-014-2},
  location = {Utrecht, The Netherlands}
}

@INPROCEEDINGS{Dixon09b,
  author = {Lucas Dixon and Alan Smaill and Alan Bundy},
  title = {Verified planning by deductive synthesis in intuitionistic linear
	logic},
  booktitle = {ICAPS Workshop on Verification and Validation of Planning and Scheduling
	Systems},
  year = {2009},
  owner = {u0023346},
  timestamp = {2010.05.27}
}

@ARTICLE{Dixon2009,
  author = {Dixon, Lucas and Smaill, Alan and Tsang, Tracy},
  title = {Plans, Actions and Dialogues Using Linear Logic},
  journal = {Journal of Logic, Language and Information},
  year = {2009},
  volume = {18},
  pages = {251--289},
  number = {2},
  doi = {http://dx.doi.org/10.1007/s10849-008-9079-0}
}

@BOOK{Flaubert95,
  title = {Plans et Sc{\'e}narios de Madame Bovary},
  publisher = {Zulma, Cadeilhan},
  year = {1995},
  editor = {CNRS Editions (1995)},
  author = {Gustave Flaubert},
  note = {In French. Presentation, transcription and notes by Yvan Leclerc},
  owner = {Anne-Gwenn},
  timestamp = {2010.01.22}
}

@BOOK{Emma,
  title = {Madame Bovary},
  publisher = {Folio},
  year = {2001},
  editor = {Editions Flammarion},
  author = {Gustave Flaubert},
  note = {In French. Also available in English, OUP Oxford, reissue edition,
	2008},
  owner = {Anne-Gwenn},
  timestamp = {2010.02.21}
}

@INPROCEEDINGS{Girard95,
  author = {Girard, Jean-Yves},
  title = {Linear logic: its syntax and semantics},
  booktitle = {Workshop on Advances in linear logic},
  year = {1995},
  pages = {1--42},
  address = {New York, NY, USA},
  publisher = {Cambridge University Press}
}

@ARTICLE{GirardTCS87,
  author = {Jean-Yves Girard},
  title = {Linear Logic},
  journal = {Theoretical Computer Science},
  year = {1987},
  volume = {50},
  pages = {1--102},
  number = {1}
}

@INPROCEEDINGS{GirardILL87,
  author = {Girard, Jean-Yves and Lafont, Yves},
  title = {Linear Logic and Lazy Computation},
  booktitle = {Proceedings of the International Joint Conference on Theory and Practice
	of Software Development (TAPSOFT '87), Volume 2: Advanced Seminar
	on Foundations of Innovative Software Development II and Colloquium
	on Functional and Logic Programming and Specifications (CFLP)},
  year = {1987},
  publisher = {Springer-Verlag},
  isbn = {3-540-17611-X}
}

@INPROCEEDINGS{Grasbon01,
  author = {Dieter Grasbon and Norbert Braun},
  title = {A Morphological Approach to Interactive Storytelling},
  booktitle = {Proceedings of the Conference on Artistic, Cultural and Scientific
	Aspects of Experimental Media Spaces (cast01)},
  year = {2001},
  owner = {Anne-Gwenn},
  timestamp = {2010.02.21}
}

@BOOK{greimas66,
  title = {S\'{e}mantique structurale: recherche et m\'{e}thode},
  publisher = {Larousse},
  year = {1966},
  author = {Algirdas Julien Greimas},
  owner = {u0023346},
  timestamp = {2010.05.27}
}

@INPROCEEDINGS{Gupta98,
  author = {Gupta, Vineet and Lamping, John},
  title = {Efficient linear logic meaning assembly},
  booktitle = {Proceedings of the 17th international conference on Computational
	linguistics},
  year = {1998},
  publisher = {Association for Computational Linguistics},
  location = {Montreal, Quebec, Canada}
}

@INPROCEEDINGS{Herzig03,
  author = {Herzig, Andreas and Lang, Jerome and Marquis, Pierre},
  title = {Action representation and partially observable planning using epistemic
	logic},
  booktitle = {Proceedings of the 18th international joint conference on Artificial
	intelligence (IJCAI)},
  year = {2003},
  location = {Acapulco, Mexico}
}

@ARTICLE{Hodas94,
  author = {Hodas, Joshua S. and Miller, Dale},
  title = {Logic programming in a fragment of intuitionistic linear logic},
  journal = {Information and Computation},
  year = {1994},
  volume = {110},
  pages = {327--365},
  number = {2},
  doi = {http://dx.doi.org/10.1006/inco.1994.1036}
}

@BOOK{Laurel93,
  title = {Computers as Theater},
  publisher = {Addison-Wesley Professional},
  year = {1991},
  author = {Brenda Laurel},
  owner = {gwenn},
  timestamp = {2010.09.16}
}

@INPROCEEDINGS{Lincoln94,
  author = {Patrick Lincoln},
  title = {Deciding Provability of Linear Logic Formulas},
  booktitle = {Advances in Linear Logic},
  year = {1994},
  pages = {109--122},
  publisher = {Cambridge University Press}
}

@ARTICLE{MasseronTCS93a,
  author = {M. Masseron},
  title = {Generating Plans in Linear Logic: I I. A Geometry of Conjunctive
	Actions},
  journal = {Theoretical Computer Science},
  year = {1993},
  volume = {113},
  pages = {371-375},
  number = {2},
  bibsource = {DBLP, http://dblp.uni-trier.de}
}

@ARTICLE{Masseron93b,
  author = {M. Masseron and Christophe Tollu and Jacqueline Vauzeilles},
  title = {Generating Plans in Linear Logic: I. Actions as Proofs},
  journal = {Theoretical Computer Science},
  year = {1993},
  volume = {113},
  pages = {349-370},
  number = {2},
  bibsource = {DBLP, http://dblp.uni-trier.de}
}

@INPROCEEDINGS{Miyazaki06,
  author = {Kojzi Miyazaki and Yurika Nagai and Anne-Gwenn Bosser and Ryohei
	Nakatsu},
  title = {Architecture of an Authoring System to Support the Creation of Interactive
	Contents},
  booktitle = {Entertainment Computing - ICEC 2006, 5th International Conference,
	Cambridge, UK, September 20-22, 2006, Proceedings},
  year = {2006},
  editor = {Richard H. R. Harper and Matthias Rauterberg and Marco Combetto},
  series = {Lecture Notes in Computer Science},
  pages = {165-174},
  publisher = {Springer},
  bibsource = {DBLP, http://dblp.uni-trier.de},
  ee = {http://dx.doi.org/10.1007/11872320_20}
}

@BOOK{Murray98,
  title = {Hamlet on the Holodeck},
  publisher = {The MIT Press},
  year = {1998},
  author = {Janet H. Murray},
  owner = {gwenn},
  timestamp = {2010.09.16}
}

@INPROCEEDINGS{Pizzi07,
  author = {David Pizzi and Marc Cavazza},
  title = {Affective Storytelling based on Characters' Feelings},
  booktitle = {Intelligent Narrative Technologies: Papers from the AAAI Fall Symposium},
  year = {2007},
  publisher = {AAAI Press},
  owner = {Anne-Gwenn},
  timestamp = {2010.02.23}
}

@INPROCEEDINGS{Pizzi08,
  author = {David Pizzi and Marc Cavazza and Alex Whittaker and Jean-Luc Lugrin},
  title = {Automatic Generation of Game Level Solutions as Storyboards},
  booktitle = {Proceedings of the Fourth Artificial Intelligence and Interactive
	Digital Entertainment Conference (AIIDE)},
  year = {2008},
  publisher = {The AAAI Press}
}

@INPROCEEDINGS{PizziACII07,
  author = {David Pizzi and Fred Charles and Jean-Luc Lugrin and Marc Cavazza},
  title = {Interactive Storytelling with Literary Feelings},
  booktitle = {Affective Computing and Intelligent Interaction},
  year = {2007},
  ee = {http://dx.doi.org/10.1007/978-3-540-74889-2_55}
}

@INPROCEEDINGS{Porteous2010,
  author = {Julie Porteous and Marc Cavazza and Fred Charles},
  title = {Narrative Generation Through Characters' Point of View},
  booktitle = {Proceedings of the 9th International Conference on Autonomous Agents
	and Multiagent Systems (AAMAS)},
  year = {2010},
  owner = {gwenn},
  timestamp = {2010.09.20}
}

@INPROCEEDINGS{Power99,
  author = {James Power and Caroline Webster},
  title = {Working with Coq in Linear Logic},
  booktitle = {Proceedings of the 12th International Conference on Theorem Proving
	in Higher Order Logics (TPHOL)},
  year = {1999},
  owner = {gwenn},
  timestamp = {2010.09.08}
}

@BOOK{Propp,
  title = {Morphology of the Folktale},
  publisher = {University of Texas Press},
  year = {1968},
  editor = {Louis A. Wagner},
  author = {Vladimir Propp},
  edition = {2},
  owner = {Anne-Gwenn},
  timestamp = {2010.02.21}
}

@TECHREPORT{Richards09,
  author = {Whitman Richards and Patrick Henry Winston and Mark Alan Finlayson},
  title = {Advancing Computational Models of Narrative},
  institution = {MIT},
  year = {2009},
  number = {MIT-CSAIL-TR-2009-063},
  owner = {Anne-Gwenn},
  timestamp = {2010.02.23}
}

@ARTICLE{Steedman02,
  author = {Mark Steedman},
  title = {Plans, affordances and combinatory grammar},
  journal = {Linguistics and Philosophy},
  year = {2002},
  volume = {25},
  pages = {723-753},
  number = {5-6},
  month = {December},
  owner = {u0023346},
  timestamp = {2010.05.27}
}

@TECHREPORT{Tamura98,
  author = {Naoyuki Tamura},
  title = {User's guide of a linear logic theorem prover (llprover)},
  institution = {Kobe University, Japan},
  year = {1998},
  owner = {Anne-Gwenn},
  timestamp = {2010.01.22}
}

@BOOK{Thielscher00,
  title = {Challenges for action theories},
  publisher = {Springer},
  year = {2000},
  editor = {Jaime G. Carbonell and J\"{o}rg Siekmann},
  author = {Michael Thielscher},
  owner = {Anne-Gwenn},
  timestamp = {2010.02.21}
}

@INPROCEEDINGS{Young99,
  author = {R. Michael Young},
  title = {Notes on the Use of Plan Structures in the Creation of Interactive
	Plot},
  booktitle = {Narrative Intelligence: Papers from the AAAI Fall Symposium},
  year = {1999},
  publisher = {AAAI Press},
  owner = {Anne-Gwenn},
  timestamp = {2010.02.23}
}

@PROCEEDINGS{AAAI09,
  title = {Intelligent Narrative Technologies II: Papers from the AAAI Spring
	Symposium},
  year = {2009},
  editor = {Sandy Louchart and Manish Mehta and David L. Roberts},
  publisher = {AAAI Press},
  month = {March},
  owner = {Anne-Gwenn},
  timestamp = {2010.02.21}
}

@PROCEEDINGS{AAAI07,
  title = {Intelligent Narrative Technologies: Papers from the AAAI Fall Symposium},
  year = {2007},
  editor = {Brian S. Magerko and Mark O. Riedl},
  publisher = {AAAI Press},
  month = {November},
  owner = {Anne-Gwenn},
  timestamp = {2010.02.21}
}

@PROCEEDINGS{AAAI10,
  title = {Computational models of narratives: Papers from the AAAI Fall Symposium},
  year = {2010},
  publisher = {AAAI Press},
  owner = {Anne-Gwenn},
  timestamp = {2010.02.21}
}

