% This file was created with JabRef 2.3.1.
% Encoding: Cp1252

@INPROCEEDINGS{Cavazza06,
  author = {Marc Cavazza and David Pizzi},
  title = {Narratology for Interactive Storytelling: A Critical Introduction},
  booktitle = {Proceedings of the Third International Conference on the Technologies
	for Interactive Digital Storytelling and Entertainment (TIDSE)},
  year = {2006},
  series = {Lecture Notes in Computer Science},
  publisher = {Springer},
  owner = {Anne-Gwenn},
  timestamp = {2010.02.21}
}

@INPROCEEDINGS{Young04,
  author = {Christian, David B. and Young, R. Michael},
  title = {Comparing cognitive and computational models of narrative structure},
  booktitle = {Proceedings of the 19th national conference on Artifical intelligence
	(AAAI)},
  year = {2004},
  publisher = {AAAI Press / The MIT Press},
  isbn = {0-262-51183-5},
  location = {San Jose, California}
}

@INPROCEEDINGS{Chrpa09,
  author = {Chrpa, Luk\'{a}\v{s} and Surynek, Pavel and Vysko\v{c}il, Ji\v{r}\'{\i}},
  title = {Encoding of Planning Problems and Their Optimizations in Linear Logic},
  booktitle = {Applications of Declarative Programming and Knowledge Management:
	17th International Conference (INAP 2007) and 21st Workshop on Logic
	Programming (WLP 2007), Revised Selected Papers},
  year = {2009},
  publisher = {Springer-Verlag},
  doi = {http://dx.doi.org/10.1007/978-3-642-00675-3_4},
  isbn = {978-3-642-00674-6}
}

@INPROCEEDINGS{ColleACE05,
  author = {Fr{\'e}d{\'e}ric Coll{\'e} and Ronan Champagnat and Armelle Prigent},
  title = {Scenario analysis based on linear logic},
  booktitle = {Advances in Computer Entertainment Technology (ACE)},
  year = {2005},
  ee = {http://doi.acm.org/10.1145/1178477.1178583}
}

@INPROCEEDINGS{Dixon09b,
  author = {Lucas Dixon and Alan Smaill and Alan Bundy},
  title = {Verified planning by deductive synthesis in intuitionistic linear
	logic},
  booktitle = {ICAPS  Workshop on Verification and Validation of Planning and Scheduling
	Systems},
  year = {2009},
  owner = {u0023346},
  timestamp = {2010.05.27}
}

@ARTICLE{Dixon2009,
  author = {Dixon, Lucas and Smaill, Alan and Tsang, Tracy},
  title = {Plans, Actions and Dialogues Using Linear Logic},
  journal = {Journal of Logic, Language and Information},
  year = {2009},
  volume = {18},
  pages = {251--289},
  number = {2},
  doi = {http://dx.doi.org/10.1007/s10849-008-9079-0}
}

@BOOK{Flaubert95,
  title = {Plans et Sc{\'e}narios de Madame Bovary},
  publisher = {Zulma, Cadeilhan},
  year = {1995},
  editor = {CNRS Editions (1995)},
  author = {Gustave Flaubert},
  note = {In French. Presentation, transcription and notes by Yvan Leclerc},
  owner = {Anne-Gwenn},
  timestamp = {2010.01.22}
}

@BOOK{Emma,
  title = {Madame Bovary},
  publisher = {Folio},
  year = {2001},
  editor = {Editions Flammarion},
  author = {Gustave Flaubert},
  note = {In French. Also available in English, OUP Oxford, reissue edition,
	2008},
  owner = {Anne-Gwenn},
  timestamp = {2010.02.21}
}

@INPROCEEDINGS{Girard95,
  author = {Girard, Jean-Yves},
  title = {Linear logic: its syntax and semantics},
  booktitle = {Workshop on Advances in linear logic},
  year = {1995},
  pages = {1--42},
  address = {New York, NY, USA},
  publisher = {Cambridge University Press}
}

@ARTICLE{GirardTCS87,
  author = {Jean-Yves Girard},
  title = {Linear Logic},
  journal = {Theoretical Computer Science},
  year = {1987},
  volume = {50},
  pages = {1--102},
  number = {1}
}

@INPROCEEDINGS{GirardILL87,
  author = {Girard, Jean-Yves and Lafont, Yves},
  title = {Linear Logic and Lazy Computation},
  booktitle = {Proceedings of the International Joint Conference on Theory and Practice
	of Software Development (TAPSOFT '87), Volume 2: Advanced Seminar
	on Foundations of Innovative Software Development II and Colloquium
	on Functional and Logic Programming and Specifications (CFLP)},
  year = {1987},
  publisher = {Springer-Verlag},
  isbn = {3-540-17611-X}
}

@INPROCEEDINGS{Grasbon01,
  author = {Dieter Grasbon and Norbert Braun},
  title = {A Morphological Approach to Interactive Storytelling},
  booktitle = {Proceedings of the Conference on Artistic, Cultural and Scientific
	Aspects of Experimental Media Spaces (cast01)},
  year = {2001},
  owner = {Anne-Gwenn},
  timestamp = {2010.02.21}
}

@BOOK{greimas66,
  title = {S\'{e}mantique structurale: recherche et m\'{e}thode},
  publisher = {Larousse},
  year = {1966},
  author = {Algirdas Julien Greimas},
  owner = {u0023346},
  timestamp = {2010.05.27}
}

@INPROCEEDINGS{Herzig03,
  author = {Herzig, Andreas and Lang, Jerome and Marquis, Pierre},
  title = {Action representation and partially observable planning using epistemic
	logic},
  booktitle = {Proceedings of the 18th international joint conference on Artificial
	intelligence (IJCAI)},
  year = {2003},
  location = {Acapulco, Mexico}
}

@ARTICLE{Hodas94,
  author = {Hodas, Joshua S. and Miller, Dale},
  title = {Logic programming in a fragment of intuitionistic linear logic},
  journal = {Information and Computation},
  year = {1994},
  volume = {110},
  pages = {327--365},
  number = {2},
  doi = {http://dx.doi.org/10.1006/inco.1994.1036}
}

@ARTICLE{MasseronTCS93a,
  author = {M. Masseron},
  title = {Generating Plans in Linear Logic: I I. A Geometry of Conjunctive
	Actions},
  journal = {Theoretical Computer Science},
  year = {1993},
  volume = {113},
  pages = {371-375},
  number = {2},
  bibsource = {DBLP, http://dblp.uni-trier.de}
}

@ARTICLE{Masseron93b,
  author = {M. Masseron and Christophe Tollu and Jacqueline Vauzeilles},
  title = {Generating Plans in Linear Logic: I. Actions as Proofs},
  journal = {Theoretical Computer Science},
  year = {1993},
  volume = {113},
  pages = {349-370},
  number = {2},
  bibsource = {DBLP, http://dblp.uni-trier.de}
}

@INPROCEEDINGS{Pizzi07,
  author = {David Pizzi and Marc Cavazza},
  title = {Affective Storytelling based on Characters' Feelings},
  booktitle = {Intelligent Narrative Technologies: Papers from the AAAI Fall Symposium},
  year = {2007},
  publisher = {AAAI Press},
  owner = {Anne-Gwenn},
  timestamp = {2010.02.23}
}

@INPROCEEDINGS{PizziACII07,
  author = {David Pizzi and Fred Charles and Jean-Luc Lugrin and Marc Cavazza},
  title = {Interactive Storytelling with Literary Feelings},
  booktitle = {Affective Computing and Intelligent Interaction},
  year = {2007},
  ee = {http://dx.doi.org/10.1007/978-3-540-74889-2_55}
}

@BOOK{Propp,
  title = {Morphology of the Folktale},
  publisher = {University of Texas Press},
  year = {1968},
  editor = {Louis A. Wagner},
  author = {Vladimir Propp},
  edition = {2},
  owner = {Anne-Gwenn},
  timestamp = {2010.02.21}
}

@TECHREPORT{Richards09,
  author = {Whitman Richards and Patrick Henry Winston and Mark Alan Finlayson},
  title = {Advancing Computational Models of Narrative},
  institution = {MIT},
  year = {2009},
  number = {MIT-CSAIL-TR-2009-063},
  owner = {Anne-Gwenn},
  timestamp = {2010.02.23}
}

@ARTICLE{Steedman02,
  author = {Mark Steedman},
  title = {Plans, affordances and combinatory grammar},
  journal = {Linguistics and Philosophy},
  year = {2002},
  volume = {25},
  pages = {723-753},
  number = {5-6},
  month = {December},
  owner = {u0023346},
  timestamp = {2010.05.27}
}

@TECHREPORT{Tamura98,
  author = {Naoyuki Tamura},
  title = {User's guide of a linear logic theorem prover (llprover)},
  institution = {Kobe University, Japan},
  year = {1998},
  owner = {Anne-Gwenn},
  timestamp = {2010.01.22}
}

@BOOK{Thielscher00,
  title = {Challenges for action theories},
  publisher = {Springer},
  year = {2000},
  editor = {Jaime G. Carbonell and J\"{o}rg Siekmann},
  author = {Michael Thielscher},
  owner = {Anne-Gwenn},
  timestamp = {2010.02.21}
}

@INPROCEEDINGS{Young99,
  author = {R. Michael Young},
  title = {Notes on the Use of Plan Structures in the Creation of Interactive
	Plot},
  booktitle = {Narrative Intelligence: Papers from the AAAI Fall Symposium},
  year = {1999},
  publisher = {AAAI Press},
  owner = {Anne-Gwenn},
  timestamp = {2010.02.23}
}

@PROCEEDINGS{AAAI09,
  title = {Intelligent Narrative Technologies II: Papers from the AAAI Spring
	Symposium},
  year = {2009},
  editor = {Sandy Louchart and Manish Mehta and David L. Roberts},
  publisher = {AAAI Press},
  month = {March},
  owner = {Anne-Gwenn},
  timestamp = {2010.02.21}
}

@PROCEEDINGS{AAAI07,
  title = {Intelligent Narrative Technologies: Papers from the AAAI Fall Symposium},
  year = {2007},
  editor = {Brian S. Magerko and Mark O. Riedl},
  publisher = {AAAI Press},
  month = {November},
  owner = {Anne-Gwenn},
  timestamp = {2010.02.21}
}

